<?xml version="1.0" encoding="UTF-8"?><record xmlns="http://www.loc.gov/MARC21/slim" xmlns:cinclude="http://apache.org/cocoon/include/1.0" xmlns:zs="http://www.loc.gov/zing/srw/">
  <leader>00552nz  a2200157n  4500</leader>
  <controlfield tag="001">no2004087673</controlfield>
  <controlfield tag="003">DLC</controlfield>
  <controlfield tag="005">20040914051835.0</controlfield>
  <controlfield tag="008">040913n| acannaabn          |a aaa     c</controlfield>
  <datafield tag="010" ind1=" " ind2=" ">
    <subfield code="a">no2004087673</subfield>
  </datafield>
  <datafield tag="035" ind1=" " ind2=" ">
    <subfield code="a">(OCoLC)oca06441026</subfield>
  </datafield>
  <datafield tag="040" ind1=" " ind2=" ">
    <subfield code="a">SaPrUSA</subfield>
    <subfield code="b">eng</subfield>
    <subfield code="c">SaPrUSA</subfield>
  </datafield>
  <datafield tag="100" ind1="1" ind2=" ">
    <subfield code="a">Kganane, L. S.</subfield>
    <subfield code="q">(Lucas Simon)</subfield>
  </datafield>
  <datafield tag="400" ind1="1" ind2=" ">
    <subfield code="a">Kganane, Lucas Simon</subfield>
  </datafield>
  <datafield tag="670" ind1=" " ind2=" ">
    <subfield code="a">Ipshine ka thutapalo, 1974:</subfield>
    <subfield code="b">t.p. (L.S. Kganane)</subfield>
  </datafield>
  <datafield tag="670" ind1=" " ind2=" ">
    <subfield code="a">National Library of South Africa online catalogue, Sept. 13, 2004</subfield>
    <subfield code="b">(hdg.: Kganane, L. S. (Lucas Simon Mothebasebo); usage: L.S. Kganane)</subfield>
  </datafield>
</record>